<?xml version="1.0" encoding="UTF-8"?><collection xmlns="http://www.loc.gov/MARC21/slim"><record><leader>00381nam--2200121-i-4500</leader><controlfield tag="001">000046593</controlfield><controlfield tag="002">20161230</controlfield><controlfield tag="005">20161230201046</controlfield><controlfield tag="008">060222s1000------------r-----000-0-eng-d</controlfield><datafield ind1=" " ind2=" " tag="080"><subfield code="a">546.654/797(043)</subfield></datafield><datafield ind1=" " ind2=" " tag="100"><subfield code="a">Vitorge,Pierre</subfield></datafield><datafield ind1=" " ind2=" " tag="245"><subfield code="a">Complexation de lanthanides et d`actinide trivalents par la tripyridyl-triazine appl.en extraction liquida-liquid. these. v+210 p</subfield></datafield><datafield ind1=" " ind2=" " tag="852"><subfield code="a">74061</subfield></datafield></record></collection>